<record><leader>00000cas a2200000 a 4500</leader><controlfield tag="001">16897972</controlfield><controlfield tag="008">871026c19879999iauwr ne      0   a0eng d</controlfield><datafield ind1=" " ind2=" " tag="010"><subfield code="a">sn 87057649 </subfield></datafield><datafield ind1=" " ind2=" " tag="040"><subfield code="a">INP</subfield><subfield code="b">eng</subfield><subfield code="c">INP</subfield><subfield code="d">NSD</subfield><subfield code="d">INP</subfield><subfield code="d">NST</subfield><subfield code="d">OCLCQ</subfield></datafield><datafield ind1=" " ind2=" " tag="012"><subfield code="i">9005</subfield><subfield code="m">1</subfield></datafield><datafield ind1="1" ind2=" " tag="022"><subfield code="a">0899-8752</subfield><subfield code="l">0899-8752</subfield><subfield code="2">1</subfield></datafield><datafield ind1=" " ind2=" " tag="032"><subfield code="a">328340</subfield><subfield code="b">USPS</subfield></datafield><datafield ind1=" " ind2=" " tag="037"><subfield code="b">Calhoun County Journal-Herald, P.O. Box 40, Manson, IA 50563</subfield></datafield><datafield ind1=" " ind2=" " tag="042"><subfield code="a">msc</subfield><subfield code="a">nsdp</subfield></datafield><datafield ind1=" " ind2="4" tag="222"><subfield code="a">The Calhoun County journal-herald</subfield></datafield><datafield ind1="0" ind2="4" tag="245"><subfield code="a">The Calhoun County journal-herald.</subfield></datafield><datafield ind1="3" ind2="0" tag="246"><subfield code="a">Journal herald</subfield></datafield><datafield ind1=" " ind2=" " tag="260"><subfield code="a">Manson, Calhoun County, Iowa :</subfield><subfield code="b">Dudley Print. Inc.,</subfield><subfield code="c">1987-</subfield></datafield><datafield ind1=" " ind2=" " tag="300"><subfield code="a">v.</subfield></datafield><datafield ind1=" " ind2=" " tag="310"><subfield code="a">Weekly</subfield></datafield><datafield ind1="0" ind2=" " tag="362"><subfield code="a">Vol. 114, no. 1 (Oct. 8, 1987)-</subfield></datafield><datafield ind1=" " ind2=" " tag="515"><subfield code="a">Vol. 114, no. 1 repeated in numbering.</subfield></datafield><datafield ind1=" " ind2=" " tag="588"><subfield code="a">Latest issue consulted: Vol. 114, no. 39 (June 30, 1988).</subfield></datafield><datafield ind1=" " ind2=" " tag="752"><subfield code="a">United States</subfield><subfield code="b">Iowa</subfield><subfield code="c">Calhoun</subfield><subfield code="d">Manson.</subfield></datafield><datafield ind1="0" ind2="4" tag="780"><subfield code="t">Pomeroy herald</subfield><subfield code="w">(DLC)sn 86060261</subfield><subfield code="w">(OCoLC)14874610</subfield></datafield><datafield ind1="0" ind2="4" tag="780"><subfield code="t">Manson journal (Manson, Iowa : 1928)</subfield><subfield code="w">(DLC)sn 86060263</subfield><subfield code="w">(OCoLC)14874925</subfield></datafield><datafield ind1=" " ind2=" " tag="850"><subfield code="a">IaAS</subfield></datafield><datafield ind1="1" ind2=" " tag="029"><subfield code="a">AU@</subfield><subfield code="b">000025831173</subfield></datafield></record>